<?xml version="1.0" encoding="UTF-8"?><collection xmlns="http://www.loc.gov/MARC21/slim"><record><leader>00512nam--2200169-i-4500</leader><controlfield tag="001">000010616</controlfield><controlfield tag="002">20161230</controlfield><controlfield tag="005">20170121220004</controlfield><controlfield tag="008">060222s1000------------r-----000-0-eng-d</controlfield><datafield ind1=" " ind2=" " tag="080"><subfield code="a">661.665:546.264</subfield></datafield><datafield ind1=" " ind2=" " tag="100"><subfield code="a">Adamson, M. G</subfield></datafield><datafield ind1=" " ind2=" " tag="245"><subfield code="a">Thermal diffusion mechanisms and possible mass transport paths in closed carbide and oxycarbide systems</subfield></datafield><datafield ind1=" " ind2=" " tag="260"><subfield code="a">Harwell</subfield><subfield code="b">Atomic Energy Reseach Establishment</subfield><subfield code="c">1972</subfield></datafield><datafield ind1=" " ind2=" " tag="300"><subfield code="a">10 p. + 3 Figuri</subfield></datafield><datafield ind1=" " ind2=" " tag="490"><subfield code="a">6897</subfield></datafield><datafield ind1=" " ind2=" " tag="852"><subfield code="a">38376</subfield></datafield><datafield ind1=" " ind2=" " tag="CAT"><subfield code="a">SYS</subfield><subfield code="c">20170121</subfield><subfield code="h">220004</subfield></datafield></record></collection>